@misc{mariadb,
 title={MariaDB Server Documentation},
 url={https://mariadb.com/kb/en/library/documentation/}
}
@misc{bash,
 title={GNU Bash manual},
 url={https://www.gnu.org/software/bash/manual/}
}
% \cite{http://elib.biblioatom.ru/text/andrushechko_aes-s-reaktorom-vver-1000_2010/go,242/}

@book{лескин2011физические,
  title={Физические особенности и конструкция реактора ВВЭР-1000: [учебное пособие для вузов]},
  author={Лескин, С.Т. and Шелегов, А.С. and Слободчук, В.И.},
  isbn={9785726214924},
  year={2011},
  address = {М.},
  publisher={НИЯУ "МИФИ"}
}

@book{МонаховА.С1986Аэси,
publisher = {Энергоатомиздат},
booktitle = {Атомные электрические станции и их технологическое оборудование [Учеб. пособие для энерг. и энергостроит. техникумов]},
year = {1986},
title = {Атомные электрические станции и их технологическое оборудование : Учеб. пособие для энерг. и энергостроит. техникумов},
language = {rus},
address = {М.},
author = {Монахов, А.С},
}
i
@book{Татарников,
publisher = {Атомиздат},
booktitle = {Схемы и компоновки атомных электростанций},
year = {1970},
title = {Атомные электрические станции и их технологическое оборудование : Учеб. пособие для энерг. и энергостроит. техникумов},
language = {rus},
address = {М.},
author = {Татарников В.П.},
pages = {199},
}

@book{ТвэлТерновых,
title = {Физика и эксплуатационные режимы реактора ВВЭР-1000},
author = {Белозеров, В. И. and Жук, М. М. and Кузина, Ю. А. and Терновых, М. Ю.},
address = {М.},
publisher = {НИЯУ МИФИ},
year = {2014},
pages={159, 157, 167, 172},
isnb={978-5-7262-2016-1},
language = {rus},
}
